\bibitem{LB-PinSn}
D.~R. Licata and G.~Brunerie.
\newblock {\(\pi\)} n {(S} n {)} in homotopy type theory.
\newblock In G.~Gonthier and M.~Norrish, editors, {\em Certified Programs and
  Proofs - Third International Conference, {CPP} 2013, Melbourne, VIC,
  Australia, December 11-13, 2013, Proceedings}, volume 8307 of {\em Lecture
  Notes in Computer Science}, pages 1--16. Springer, 2013.

\bibitem{LF-EM}
D.~R. Licata and E.~Finster.
\newblock Eilenberg-maclane spaces in homotopy type theory.
\newblock In T.~A. Henzinger and D.~Miller, editors, {\em Joint Meeting of the
  Twenty-Third {EACSL} Annual Conference on Computer Science Logic {(CSL)} and
  the Twenty-Ninth Annual {ACM/IEEE} Symposium on Logic in Computer Science
  (LICS), {CSL-LICS} '14, Vienna, Austria, July 14 - 18, 2014}, page~66. {ACM},
  2014.


@inproceedings{AMLH,
	Author = {Carlo Angiuli and Edward Morehouse and Daniel R. Licata and Robert Harper},
	Booktitle = {Proceedings of the 19th {ACM} {SIGPLAN} international conference on Functional programming, Gothenburg, Sweden, September 1-3, 2014},
	Date-Added = {2014-11-22 22:13:11 +0000},
	Date-Modified = {2014-11-22 22:21:57 +0000},
	Pages = {243--256},
	Title = {Homotopical patch theory},
	Year = {2014},
	}


@unpublished{BCH,
	Author = {Marc Bezem and Thierry Coquand and Simon Huber},
	Month = {March},
	Note = {(Unpublished Manuscript)},
	Title = {A model of type theory in cubical sets},
	Year = 2014}


@book{NuPRL,
	Author = {Robert L. {Constable, \textit{et al.}}},
	Publisher = {Prentice Hall},
	Title = {Implementing Mathematics with the {NuPRL} Proof Development System},
	Year = 1985}

@url{Coq,
	Lastchecked = {November 22, 2014},
	Title = {The Coq Proof Assistant},
	URL= {http://coq.inria.fr}}


@inproceedings{HS,
	Author = {Martin Hofmann and Thomas Streicher},
	Bibsource = {DBLP, http://dblp.uni-trier.de},
	Booktitle = {LICS},
	Crossref = {DBLP:conf/lics/1994},
	Pages = {208-212},
	Read = {1},
	Title = {The Groupoid Model Refutes Uniqueness of Identity Proofs},
	Year = {1994}}


@book{mltt,
	Author = {Martin-Lof, Per and Sambin, Giovanni},
	Publisher = {Bibliopolis Naples},
	Title = {Intuitionistic type theory},
	Volume = {17},
	Year = {1984}}
